@Manual{ipcoredoc,
 title = {HW-Modeling IP Core Documentation},
 author = {Thomas Polzer and Jakob Lechner},
 organization = {ECS Group, TU Wien},
 month = {11. März},
 year = {2010},
 note = {\url{http://ti.tuwien.ac.at/ecs/teaching/courses/hwmod/HwModeling/hwmod_ipcores.pdf}}
}

@Manual{altsyncramdoc,
 title = {Internal Memory (RAM and ROM) User Guide UG-01068-1.0},
 author = {Altera\textregistered},
 month = {November},
 year = {2009},
 note ={\url{http://www.altera.com/literature/ug/ug_ram_rom.pdf}}
}


@Misc{scancodedoc,
 author = {Bernward Mock},
 title = {Keyboard Scan Code: Set 2},
 note = {Abgerufen am 19.~März 2010},
 howpublished = {\url{http://www.marjorie.de/ps2/scancode-set2.htm}}
}


@Manual{xilinxapp29,
 title = {Xilinx Application Note 29: Serial Code Conversion between BCD and Binary},
 author = {Peter Alfke and Bernie New},
 month = {27. October},
 year = {1997},
}

